@inproceedings{Christophe:2015:DAU:2819009.2819180,
 author = {Christophe, Laurent and De Roover, Coen and De Meuter, Wolfgang},
 title = {Dynamic Analysis Using JavaScript Proxies},
 booktitle = {Proceedings of the 37th International Conference on Software Engineering - Volume 2},
 series = {ICSE '15},
 year = {2015},
 location = {Florence, Italy},
 pages = {813--814},
 numpages = {2},
 url = {http://dl.acm.org/citation.cfm?id=2819009.2819180},
 acmid = {2819180},
 publisher = {IEEE Press},
 address = {Piscataway, NJ, USA},
}

@inproceedings{Keil:2013:EDA:2508168.2508176,
 author = {Keil, Matthias and Thiemann, Peter},
 title = {Efficient Dynamic Access Analysis Using JavaScript Proxies},
 booktitle = {Proceedings of the 9th Symposium on Dynamic Languages},
 series = {DLS '13},
 year = {2013},
 isbn = {978-1-4503-2433-5},
 location = {Indianapolis, Indiana, USA},
 pages = {49--60},
 numpages = {12},
 url = {http://doi.acm.org/10.1145/2508168.2508176},
 doi = {10.1145/2508168.2508176},
 acmid = {2508176},
 publisher = {ACM},
 address = {New York, NY, USA},
 keywords = {access permission contracts, javascript, proxies},
}

@inproceedings{Lehmann:2019:WFD:3297858.3304068,
 author = {Lehmann, Daniel and Pradel, Michael},
 title = {Wasabi: A Framework for Dynamically Analyzing WebAssembly},
 booktitle = {Proceedings of the Twenty-Fourth International Conference on Architectural Support for Programming Languages and Operating Systems},
 series = {ASPLOS '19},
 year = {2019},
 isbn = {978-1-4503-6240-5},
 location = {Providence, RI, USA},
 pages = {1045--1058},
 numpages = {14},
 url = {http://doi.acm.org/10.1145/3297858.3304068},
 doi = {10.1145/3297858.3304068},
 acmid = {3304068},
 publisher = {ACM},
 address = {New York, NY, USA},
}

@inproceedings{Sun:2018:EDA:3178372.3179527,
 author = {Sun, Haiyang and Bonetta, Daniele and Humer, Christian and Binder, Walter},
 title = {Efficient Dynamic Analysis for Node.Js},
 booktitle = {Proceedings of the 27th International Conference on Compiler Construction},
 series = {CC 2018},
 year = {2018},
 isbn = {978-1-4503-5644-2},
 location = {Vienna, Austria},
 pages = {196--206},
 numpages = {11},
 url = {http://doi.acm.org/10.1145/3178372.3179527},
 doi = {10.1145/3178372.3179527},
 acmid = {3179527},
 publisher = {ACM},
 address = {New York, NY, USA},
 keywords = {JavaScript, dynamic analysis, instrumentation},
} 

@inproceedings{Sen:2013:JSR:2491411.2491447,
 author = {Sen, Koushik and Kalasapur, Swaroop and Brutch, Tasneem and Gibbs, Simon},
 title = {Jalangi: A Selective Record-replay and Dynamic Analysis Framework for JavaScript},
 booktitle = {Proceedings of the 2013 9th Joint Meeting on Foundations of Software Engineering},
 series = {ESEC/FSE 2013},
 year = {2013},
 isbn = {978-1-4503-2237-9},
 location = {Saint Petersburg, Russia},
 pages = {488--498},
 numpages = {11},
 url = {http://doi.acm.org/10.1145/2491411.2491447},
 doi = {10.1145/2491411.2491447},
 acmid = {2491447},
 publisher = {ACM},
 address = {New York, NY, USA},
 keywords = {Concolic Testing, Dynamic Analysis, JavaScript, Record and Repla},
} 
